@Misc{Manchanda:TEDTalk,
  author =       {Manchanda, Rishi},
  howpublished = {Video},
  title =        {What makes us get sick? Look upstream},
  month =        {August},
  year =         2014,
  note =         {Retrieved April 12, 2015 from
                  \url{www.ted.com/talks/rishi_manchanda_what_makes_us_get_sick_look_upstream}}
}

@Misc{PMSensor:Datasheet,
  author =       {Sharp Corporation},
  title =        {GP2Y1010AU0F Datasheet},
  howpublished = {Online},
  month =        {December},
  day =          1,
  year =         2006,
  note =         {Retrieved April 12, 2015 from
                  \url{http://www.sparkfun.com/datasheets/Sensors/gp2y1010au_e.pdf}}
}

@Misc{VOCSensor:Datasheet,
  author =       {AMS AG},
  title =        {AS-MLV-P2 Datasheet},
  howpublished = {Online},
  month =        {May},
  year =         2015,
  note =         {Retrieved May 10, 2015 from
                  \url{http://ams.com/eng/content/download/686543/1787717/348218}}
}